@phdthesis{Noorlag74,
  author       = {Date Noorlag}, 
  title        = {Lateral-photoeffect position-sensitive detectors},
  school       = {Delft University of Technology},
  year         = 1974
}

@manual{HamamatsuS5990,
  title        = {S5990 2D PSD},
  organization = {Hamamatsu},
  url 		   = {https://www.hamamatsu.com/resources/pdf/ssd/s5990-01_etc_kpsd1010e.pdf},
  urldate 	   = {2019-03-03}
}

@manual{HamamatsuPSD,
  title        = {PSD},
  organization = {Hamamatsu},
  url 		   = {https://www.hamamatsu.com/resources/pdf/ssd/psd_techinfo_e.pdf},
  urldate 	   = {2019-03-03}
}